<record><leader>00000cas a22000007a 4500</leader><controlfield tag="001">9591414</controlfield><controlfield tag="008">830609d19uu19uucauwr ne      0   e0chird</controlfield><datafield ind1=" " ind2=" " tag="010"><subfield code="a">sn 83009416 </subfield></datafield><datafield ind1=" " ind2=" " tag="040"><subfield code="a">NSD</subfield><subfield code="b">eng</subfield><subfield code="c">NSD</subfield><subfield code="d">CNK</subfield><subfield code="d">OCLCQ</subfield><subfield code="d">DLC</subfield><subfield code="d">OCLCQ</subfield><subfield code="d">OCLCF</subfield><subfield code="d">OCLCO</subfield></datafield><datafield ind1=" " ind2=" " tag="066"><subfield code="c">$1</subfield></datafield><datafield ind1=" " ind2=" " tag="012"><subfield code="m">1</subfield></datafield><datafield ind1="0" ind2=" " tag="022"><subfield code="a">0745-919X</subfield><subfield code="l">0745-919X</subfield><subfield code="2">1</subfield></datafield><datafield ind1="1" ind2=" " tag="029"><subfield code="a">AU@</subfield><subfield code="b">000015612676</subfield></datafield><datafield ind1=" " ind2=" " tag="032"><subfield code="a">697930</subfield><subfield code="b">USPS</subfield></datafield><datafield ind1=" " ind2=" " tag="037"><subfield code="b">Asia Journal, Inc., 345 East Garvey Avenue, Monterey Park, CA 91754</subfield></datafield><datafield ind1=" " ind2=" " tag="042"><subfield code="a">nsdp</subfield><subfield code="a">msc</subfield></datafield><datafield ind1=" " ind2=" " tag="043"><subfield code="a">n-us---</subfield><subfield code="a">n-us-ca</subfield></datafield><datafield ind1="0" ind2=" " tag="210"><subfield code="a">Yazhou shangbao</subfield></datafield><datafield ind1=" " ind2="0" tag="222"><subfield code="a">Yazhou shangbao</subfield></datafield><datafield ind1="0" ind2="0" tag="245"><subfield code="6">880-01</subfield><subfield code="a">Yazhou shang bao =</subfield><subfield code="b">Asia journal.</subfield></datafield><datafield ind1="3" ind2="1" tag="246"><subfield code="a">Asia journal</subfield></datafield><datafield ind1="3" ind2="0" tag="246"><subfield code="a">Ya zhou shang bao</subfield></datafield><datafield ind1=" " ind2=" " tag="260"><subfield code="a">Monterey Park, CA :</subfield><subfield code="b">Asia Journal</subfield></datafield><datafield ind1=" " ind2=" " tag="300"><subfield code="a">v.</subfield></datafield><datafield ind1=" " ind2=" " tag="310"><subfield code="a">Weekly</subfield></datafield><datafield ind1=" " ind2=" " tag="546"><subfield code="a">In Chinese.</subfield></datafield><datafield ind1=" " ind2=" " tag="588"><subfield code="a">Description based on: Vol. 3, no. 15 (Apr. 9, 1982) = ser. no. 76.</subfield></datafield><datafield ind1=" " ind2="0" tag="650"><subfield code="a">Chinese</subfield><subfield code="z">United States</subfield><subfield code="v">Newspapers.</subfield></datafield><datafield ind1=" " ind2="0" tag="651"><subfield code="a">Monterey Park (Calif.)</subfield><subfield code="v">Newspapers.</subfield></datafield><datafield ind1=" " ind2="7" tag="655"><subfield code="a">Newspapers.</subfield><subfield code="2">fast</subfield><subfield code="0">(OCoLC)fst01423814</subfield></datafield><datafield ind1=" " ind2="7" tag="650"><subfield code="a">Chinese.</subfield><subfield code="2">fast</subfield><subfield code="0">(OCoLC)fst00857169</subfield></datafield><datafield ind1=" " ind2="7" tag="651"><subfield code="a">California</subfield><subfield code="z">Monterey Park.</subfield><subfield code="2">fast</subfield><subfield code="0">(OCoLC)fst01223499</subfield></datafield><datafield ind1=" " ind2="7" tag="651"><subfield code="a">United States.</subfield><subfield code="2">fast</subfield><subfield code="0">(OCoLC)fst01204155</subfield></datafield><datafield ind1=" " ind2=" " tag="752"><subfield code="a">United States</subfield><subfield code="b">California</subfield><subfield code="c">Los Angeles</subfield><subfield code="d">Monterey Park.</subfield></datafield><datafield ind1="0" ind2="0" tag="880"><subfield code="6">245-01/$1</subfield><subfield code="a">&#20126;&#27954;&#21830;&#22577; =</subfield><subfield code="b">Asia journal.</subfield></datafield><datafield ind1=" " ind2=" " tag="936"><subfield code="a">Apr. 1, 1983</subfield></datafield></record>